<?xml version="1.0" encoding="UTF-8"?><collection xmlns="http://www.loc.gov/MARC21/slim"><record><leader>00569nam--2200181-u-4500</leader><controlfield tag="001">000055037</controlfield><controlfield tag="002">20161230</controlfield><controlfield tag="005">20161230201051</controlfield><controlfield tag="008">121025s1000------------r-----000-0-fre-d</controlfield><datafield ind1=" " ind2=" " tag="040"><subfield code="a">IFIN-HH</subfield></datafield><datafield ind1=" " ind2=" " tag="041"><subfield code="a">fre</subfield></datafield><datafield ind1=" " ind2=" " tag="080"><subfield code="a">539.2(043)</subfield></datafield><datafield ind1="1" ind2=" " tag="100"><subfield code="a">Martin, Louis</subfield></datafield><datafield ind1="1" ind2="0" tag="245"><subfield code="a">Reflective quasi normale de mos2, nbse2 et gase entre 2ev et 80ev exciations electroniques elementaires modes collectifs pour les electrons de valence</subfield><subfield code="b">These</subfield><subfield code="c">Louis martin</subfield></datafield><datafield ind1=" " ind2=" " tag="260"><subfield code="a">Toulouse</subfield><subfield code="b">Universite</subfield><subfield code="c">1974</subfield></datafield><datafield ind1=" " ind2=" " tag="300"><subfield code="a">133P</subfield></datafield><datafield ind1=" " ind2=" " tag="852"><subfield code="a">43364</subfield><subfield code="c">639.2</subfield></datafield><datafield ind1=" " ind2=" " tag="CAT"><subfield code="a">Sys</subfield><subfield code="c">20121025</subfield><subfield code="h">113053</subfield></datafield></record></collection>